@article{inowhite,
  title= "{Invited review: Physics potential of the ICAL detector at the India-based Neutrino Observatory (INO)}",
  author= "Kumar, A and Kumar, AM Vinod and Jash, Abhik and Mohanty, Ajit K and Chacko, Aleena and Ajmi, Ali and Ghosal, Ambar and Khatun, Amina and Raychaudhuri, Amitava and Dighe, Amol and others",
  journal={Pramana},
  volume={88},
  number={5},
  pages={79},
  year={2017},
  publisher={Springer},
  note = "\href{https://doi.org/10.1007/s12043-017-1373-4}{DOI: 10.1007/s12043-017-1373-4}"
}

@article{rpc_p2,
  title="{Development of resistive plate counters}",
  author={Santonico, R and Cardarelli, R},
  journal={Nuclear Instruments and Methods in physics research},
  volume={187},
  number={2-3},
  pages={377--380},
  year={1981},
  publisher={Elsevier},
  note = "\href{https://doi.org/10.1016/0029-554X(81)90363-3}{DOI: 10.1016/0029-554X(81)90363-3}"
}

@article{rpc_c,
  title="{A study of gas contaminants and interaction with materials in RPC closed loop systems}",
  author={Colafranceschi, S and Aurilio, R and Benussi, L and Bianco, S and Passamonti, L and Piccolo, D and Pierluigi, D and Russo, A and Ferrini, M and Greci, T and others},
  journal={Journal of Instrumentation},
  volume={8},
  number={03},
  pages={T03008},
  year={2013},
  publisher={IOP Publishing},
  note = "\href{https://doi.org/10.1088/1748-0221/8/03/T03008}{DOI: 10.1088/1748-0221/8/03/T03008}"
}

@article{rpc_w,
  title={Study of the effect of water vapor on a resistive plate chamber with glass electrodes},
  author={Sakai, H and Sakaue, H and Teramoto, Y and Nakano, E and Takahashi, T},
  journal={Nuclear Instruments and Methods in Physics Research Section A: Accelerators, Spectrometers, Detectors and Associated Equipment},
  volume={484},
  number={1-3},
  pages={153--161},
  year={2002},
  publisher={Elsevier},
  note = "\href{https://doi.org/10.1016/S0168-9002(01)02032-0}{DOI: 10.1016/S0168-9002(01)02032-0}"
}

@article{rpcleak,
  title="{Leak test of Resistive Plate Chamber gap by monitoring absolute pressure}",
  author={Mondal, Suryanarayan and Datar, VM and Majumder, Gobinda and Mondal, NK and Ravindran, KC and Satyanarayana, B},
  journal={Journal of Instrumentation},
  volume={14},
  number={04},
  pages={P04009},
  year={2019},
  publisher={IOP Publishing},
  note = "\href{https://doi.org/10.1088/1748-0221/14/04/P04009}{DOI: 10.1088/1748-0221/14/04/P04009}"
}

@book{bmp180,
  title={Digital pressure sensor},
  author={Sensortec, Bosch},
  day = {7},
  month = {May},
  year={2015},
  note = "Revision 2.8"
}

@manual{rpi,
  title = "{Raspberry Pi 2 Model B}",
  note = "\url{https://www.raspberrypi.org/products/raspberry-pi-2-model-b/} dated 23rd Nov 2018"
}

@book{nodemcu2015,
  author = "Agus Kurniawan",
  title = "{NodeMCU Development Workshop}",
  publisher = {PE Press},
  month = {July},
  year = {2015}
}

@article{poiseuille,
  title={Poiseuille and his law},
  author={Pfitzner, J},
  journal={Anaesthesia},
  volume={31},
  number={2},
  pages={273--275},
  year={1976},
  publisher={Wiley Online Library},
  note = "\href{https://doi.org/10.1111/j.1365-2044.1976.tb11804.x}{DOI: 10.1111/j.1365-2044.1976.tb11804.x}"
}

@article{pethu1,
  title="{Measurement of cosmic muon angular distribution and vertical integrated flux by 2 m$\times$ 2 m RPC stack at IICHEP-Madurai}",
  author={Pethuraj, S and Datar, VM and Majumder, G and Mondal, NK and Ravindran, KC and Satyanarayana, B},
  journal={Journal of Cosmology and Astroparticle Physics},
  volume={2017},
  number={09},
  pages={021},
  year={2017},
  publisher={IOP Publishing},
  note = "\href{https://doi.org/10.1088/1475-7516/2017/09/021}{DOI: 10.1088/1475-7516/2017/09/021}"
}

@techreport{corsika763,
  title="{CORSIKA: A Monte Carlo code to simulate extensive air showers}",
  author={Heck, Dieter and Schatz, G and Knapp, J and Thouw, T and Capdevielle, JN},
  year={1998}
}

@article{geant4,
  title="{GEANT4--a simulation toolkit}",
  author={Agostinelli, Sea and Allison, John and Amako, K al and Apostolakis, John and Araujo, H and Arce, P and Asai, M and Axen, D and Banerjee, S and Barrand, G 2 and others},
  journal={Nuclear instruments and methods in physics research section A: Accelerators, Spectrometers, Detectors and Associated Equipment},
  volume={506},
  number={3},
  pages={250--303},
  year={2003},
  publisher={Elsevier},
  note = "\href{https://doi.org/10.1016/S0168-9002(03)01368-8}{DOI: 10.1016/S0168-9002(03)01368-8}"
}

@inproceedings{elec1,
  title="{Electronics, Trigger and Data Acquisition Systems for the INO ICAL Experiment}",
  author={Achrekar, S and Aniruddhan, S and Ayyagiri, N and Behere, A and Chandrachoodan, N and Chandratre, VB and Das, D and Dasgupta, S and Datar, VM and Gokhale, U and others},
  booktitle="{International conference on Technology and Instrumentation in Particle Physics}",
  pages={291--295},
  year={2017},
  organization={Springer},
  note = "\href{https://doi.org/10.1007/978-981-13-1313-4_55}{DOI: 10.1007/978-981-13-1313-4_55}"
}

@article{hought,
  title="{Track reconstruction based on Hough-transform for nTPC}",
  author={Li-Bo, Niu and Yu-Lan, Li and Meng, Huang and Bin, He and Yuan-Jing, Li},
  journal={Chinese Physics C},
  volume={38},
  number={12},
  pages={126201},
  year={2014},
  publisher={IOP Publishing},
  note = "\href{https://doi.org/10.1088/1674-1137/38/12/126201}{DOI: 10.1088/1674-1137/38/12/126201}"  
}

@article{celular,
  title="{New track finding based on cellar automaton for AMS-02 detector}",
  author={Qu, Zhaoyi and Haino, Sadakazu and Zuccon, Paolo and Zhao, Minggang},
  journal={Nuclear Instruments and Methods in Physics Research Section A: Accelerators, Spectrometers, Detectors and Associated Equipment},
  volume={869},
  pages={135--140},
  year={2017},
  publisher={Elsevier},
  note = "\href{https://doi.org/10.1016/j.nima.2017.07.007}{DOI: 10.1016/j.nima.2017.07.007}"
}

@inproceedings{cosmic1,
  title="{Relative abundances of cosmic rays at their sources}",
  author={Shapiro, MM and Silberberg, R and Tsao, CH},
  booktitle={Proceedings of the 11th International Conference on Cosmic Rays in 1969},
  volume={1(29)},
  pages={479},
  year={1970}
}

@article{roadtoneut,
  title="{The road to the neutrino}",
  author={Franklin, Allan},
  journal={Physics Today},
  volume={53},
  number={2},
  pages={22--28},
  year={2000},
  publisher={American Institute of Physics},
  note = "\href{https://doi.org/10.1063/1.882961}{DOI: 10.1063/1.882961}"
}

@incollection{numberneut,
  title="{The measurement of the number of light neutrino species at LEP}",
  author={Mele, Salvatore},
  booktitle={60 Years of CERN Experiments and Discoveries},
  pages={89--106},
  year={2015},
  publisher={World Scientific},
  note = "\href{https://doi.org/10.1142/9789814644150_0004}{DOI: 10.1142/9789814644150\_0004}"
}

@article{neutrinoflux,
  title="{Towards high-energy neutrino astronomy}",
  author={Spiering, Christian},
  journal = {The European Physical Journal H},
  volume = {37},
  pages={515--565},
  year={2012},
  publisher={Springer},
  note = "\href{https://doi.org/10.1140/epjh/e2012-30014-2}{DOI: 10.1140/epjh/e2012-30014-2}"
}

@book{nucleosynthesis,
  title="{Gravitation and Cosmology}",
  author={Weinberg, Steven},
  publisher={John Wiley \& Sons, New York},
  year={1972}
}

@article{raydavis,
  title="{Search for neutrinos from the sun}",
  author={Davis Jr, Raymond and Harmer, Don S and Hoffman, Kenneth C},
  journal={Physical Review Letters},
  volume={20},
  number={21},
  pages={1205},
  year={1968},
  publisher={APS},
  note = "\href{https://doi.org/10.1103/PhysRevLett.20.1205}{DOI: 10.1103/PhysRevLett.20.1205}
}

@article{kamland,
  title="{Experimental investigation of geologically produced antineutrinos with KamLAND}",
  author={Araki, T and Enomoto, S and Furuno, K and Gando, Y and Ichimura, K and Ikeda, H and Inoue, K and Kishimoto, Y and Koga, M and Koseki, Y and others},
  journal={Nature},
  volume={436},
  number={7050},
  pages={499--503},
  year={2005},
  publisher={Nature Publishing Group},
  note = "\href{http://dx.doi.org/10.1038/nature03980}{DOI: 10.1038/nature03980}"
}

@article{borexino,
  title="{Observation of geo-neutrinos}",
  author={Bellini, G and Benziger, J and Bonetti, S and Avanzini, M Buizza and Caccianiga, B and Cadonati, L and Calaprice, Frank and Carraro, C and Chavarria, A and Dalnoki-Veress, F and others},
  journal={Physics Letters B},
  volume={687},
  number={4-5},
  pages={299--304},
  year={2010},
  publisher={Elsevier},
  note = "\href{https://doi.org/10.1016/j.physletb.2010.03.051}{DOI: 10.1016/j.physletb.2010.03.051}"
}

@article{homestake,
  title="{Measurement of the solar electron neutrino flux with the Homestake chlorine detector}",
  author={Cleveland, Bruce T and Daily, Timothy and Davis Jr, Raymond and Distel, James R and Lande, Kenneth and Lee, CK and Wildenhain, Paul S and Ullman, Jack},
  journal={The Astrophysical Journal},
  volume={496},
  number={1},
  pages={505},
  year={1998},
  publisher={IOP Publishing},
  note = "\href{https://doi.org/10.1086/305343}{DOI: 10.1086/305343}"
}

@article{gallex,
  title="{GALLEX solar neutrino observations: Results for GALLEX IV}",
  author={Hampel, Wolfgang and Handt, J and Heusser, G and Kiko, J and Kirsten, T and Laubenstein, M and Pernicka, E and Rau, W and Wojcik, M and Zakharov, Yu and others},
  journal={Physics Letters B},
  volume={447},
  number={1-2},
  pages={127--133},
  year={1999},
  publisher={Elsevier},
  note = "\href{https://doi.org/10.1016/S0370-2693(98)01579-2}{DOI: 10.1016/S0370-2693(98)01579-2}"
}

@article{sage,
  title="{Solar neutrino flux measurements by the Soviet-American gallium experiment (SAGE) for half the 22-year solar cycle}",
  author={Abdurashitov, JN and Veretenkin, EP and Vermul, VM and Gavrin, VN and Girin, SV and Gorbachev, VV and Gurkina, PP and Zatsepin, GT and Ibragimova, TV and Kalikhov, AV and others},
  journal={Journal of Experimental and Theoretical Physics},
  volume={95},
  number={2},
  pages={181--193},
  year={2002},
  publisher={Springer},
  note = "\href{https://doi.org/10.1134/1.1506424}{DOI: 10.1134/1.1506424}"
}

@article{superk,
  title="{Measurement of the flux and zenith-angle distribution of upward throughgoing muons by Super-Kamiokande}",
  author={Fukuda, Y and Hayakawa, T and Ichihara, E and Inoue, K and Ishihara, K and Ishino, Hirokazu and Itow, Y and Kajita, T and Kameda, J and Kasuga, S and others},
  journal={Physical Review Letters},
  volume={82},
  number={13},
  pages={2644},
  year={1999},
  publisher={APS},
  note = "\href{https://doi.org/10.1103/PhysRevLett.82.2644}{DOI: 10.1103/PhysRevLett.82.2644}"
}

@article{sno,
  title="{Measurement of the Rate of $\nu_{e}+d\rightarrow p+p+e^{-}$ Interactions Produced by $^{8}B$ Solar Neutrinos at the Sudbury Neutrino Observatory}",
  author={Ahmad, Q R and others},
  journal={Phys. Rev. Lett},
  volume={87},
  pages={071301},
  year={2001},
  note = "\href{https://doi.org/10.1103/PhysRevLett.87.071301}{DOI: 10.1103/PhysRevLett.87.071301}"
}

@article{SSM,
  title="{Solar Neutrinos. I. Theoretical}",
  author={Bahcall, John N},
  journal={Physical Review Letters},
  volume={12},
  number={11},
  pages={300},
  year={1964},
  publisher={APS},
  note = "\href{https://doi.org/10.1103/PhysRevLett.12.300}{DOI: 10.1103/PhysRevLett.12.300}"
}

@article{pontecorvo1,
  title="{Mesonium and Antimesonium}",
  author={B Pontecorvo},
  journal={Sov. Phys. JETP.},
  volume={6},
  number={2},
  pages={429--431},
  year={1957}
}

@article{pontecorvo2,
  title="{Neutrino Experiments and the Problem of Conservation of Leptonic Charge}",
  author={B Pontecorvo},
  journal={Sov. Phys. JETP.},
  volume={6},
  number={2},
  pages={984--988},
  year={1968}
}

@article{kobayashimaskawa,
  title="{CP-violation in the renormalizable theory of weak interaction}",
  author={Kobayashi, Makoto and Maskawa, Toshihide},
  journal={Progress of theoretical physics},
  volume={49},
  number={2},
  pages={652--657},
  year={1973},
  publisher={Oxford University Press},
  note = "\href{https://doi.org/10.1143/PTP.49.652}{DOI: 10.1143/PTP.49.652}"
}

@article{neutrinostatus,
  title="{Status of neutrino oscillations 2018: 3$\sigma$ hint for normal mass ordering and improved CP sensitivity}",
  author={De Salas, PF and Forero, DV and Ternes, CA and Tortola, M and Valle, JWF},
  journal={Physics Letters B},
  volume={782},
  pages={633--640},
  year={2018},
  publisher={Elsevier},
  note = "\href{https://doi.org/10.1016/j.physletb.2018.06.019}{DOI: 10.1016/j.physletb.2018.06.019}"
}

@article{mattereffect,
  title={Improving the neutrino mass hierarchy identification with inelasticity measurement in PINGU and ORCA},
  author={Ribordy, Mathieu and Smirnov, A Yu},
  journal={Physical Review D},
  volume={87},
  number={11},
  pages={113007},
  year={2013},
  publisher={APS},
  note = "\href{https://doi.org/10.1103/PhysRevD.87.113007}{DOI: 10.1103/PhysRevD.87.113007}"
}

@article{msw1,
  title="{Resonance enhancement of oscillations in matter and solar neutrino spectroscopy}",
  author={Mikheyev, SP and Smirnov, A Yu},
  journal={Yadernaya Fizika},
  volume={42},
  pages={1441--1448},
  year={1985}
}

@techreport{inoreport,
  title="{India-based Neutrino Observatory: Project Report. Volume I.}",
  author={Athar, M Sajjad and Bhatia, MS and Ojha, SC and Mani, HS and Pal, SK and Joshipura, AS and Mahapatra, DP and Nagesh, BK and Mohanty, AK and Bhandari, RK and others},
  year={2006}
}

@article{icalmagnet,
  title="{Simulation studies for electromagnetic design of INO ICAL magnet and its response to muons}",
  author={Behera, Shiba P and Bhatia, Manmohan S and Datar, Vivek M and Mohanty, Ajit K},
  journal={IEEE Transactions on magnetics},
  volume={51},
  number={2},
  pages={1--9},
  year={2014},
  publisher={IEEE},
  note = "\href{https://doi.org/10.1109/TMAG.2014.2344624}{DOI: 10.1109/TMAG.2014.2344624}"
}

@book{transformer,
  title="{Transformer design principles: with applications to core-form power transformers}",
  author={Del Vecchio, Robert M and Poulin, Bertrand and Feeney, Mary-Ellen F and Feghali, Pierre T and Shah, Dilipkumar M and Ahuja, Rajendra and Shah, Dillipkumar M},
  year={2001},
  publisher={CRC press}
}

@article{largerpc,
  title="{Development of glass resistive plate chambers for INO experiment}",
  author={Datar, VM and Jena, Satyajit and Kalmani, SD and Mondal, NK and Nagaraj, P and Reddy, LV and Saraf, M and Satyanarayana, B and Shinde, RR and Verma, P},
  journal={Nuclear Instruments and Methods in Physics Research Section A: Accelerators, Spectrometers, Detectors and Associated Equipment},
  volume={602},
  number={3},
  pages={744--748},
  year={2009},
  publisher={Elsevier},
  note = "\href{https://doi.org/10.1016/j.nima.2008.12.129}{DOI: 10.1016/j.nima.2008.12.129}"
}